4458 6242
781 1349 1421 1524 rraerauo.

226 1811 472 1968 Omnibus,
503 1863 732 1974 quicunque
763 1863 1058 1947 molluscorum
1087 1862 1271 1946 bistoriae
1301 1861 1474 1946 natuuali
1505 1859 1661 1968 lavent,
1689 1861 1769 1944 boc
1800 1859 1968 1946 tradens

227 2012 492 2125 opusculum,
540 2043 621 2125 qvo
669 2013 961 2126 Aupustiscimi
1008 2017 1215 2127 Principia
1259 2009 1610 2100 Gflfflsffllvl
1644 2011 1978 2110 Fuscum!

227 2163 515 2247 collectionem
545 2163 856 2275 conchyliorum
884 2165 1065 2249 brevitor
1094 2174 1138 2248 et
1166 2163 1221 2249 ad
1249 2165 1349 2248 artis
1379 2162 1559 2249 formam
1588 2161 1810 2276 disponere
1846 2192 1971 2249 cona·

226 2325 294 2398 tus
332 2275 447 2422 sum,
482 2344 621 2429 operac
655 2316 834 2429 pretium
864 2315 1048 2400 facturus
1083 2315 1184 2399 mibi
1220 2313 1386 2422 videor,
1423 2316 1460 2398 si
1495 2315 1576 2398 boc
1604 2313 1721 2421 loco,
1760 2344 1850 2428 qvae
1881 2315 1972 2427 ejus

229 2464 353 2549 buerit
389 2465 540 2550 edendi
579 2496 723 2576 causa,
761 2478 802 2550 ct
837 2466 950 2580 qvod
986 2467 1224 2577 consilium,
1262 2467 1406 2581 paucis
1442 2494 1742 2580 praemonuero.

431 2616 582 2702 Annus
610 2629 699 2702 erat
730 2615 882 2727 1824,
912 2649 1038 2732 quum
1069 2623 1270 2733 Princeps
1296 2622 1469 2732 Κορίας,
1506 2626 1648 2730 empto
1689 2615 1740 2702 0.
1778 2619 1972 2723 Fabricii,

231 2769 416 2883 episcopi
438 2767 623 2854 defuncti
652 2769 938 2883 zoopbylacio,
969 2768 1081 2884 qvod
1106 2799 1191 2855 non
1211 2770 1334 2883 bujus
1356 2769 1491 2854 solum
1511 2769 1669 2882 egregii
1690 2768 1857 2882 zooloffi
1876 2801 1973 2884 pro·

229 2921 320 3034 pria
342 2920 609 3034 exemplaria,
631 2920 707 3006 sed
722 2953 793 3006 eas
809 2952 971 3036 qvoqve
985 2952 1055 3006 res
1069 2921 1276 3005 naturales
1292 2921 1544 3028 continebat,
1565 2949 1697 3033 qvaea
1718 2920 1807 3004 cive
1828 2933 1974 3006 nostro

232 3071 483 3181 clarissimo,
525 3071 575 3158 0.
612 3075 662 3157 F.
698 3075 897 3182 Mttllcro,
932 3085 1153 3189 postquam
1190 3103 1214 3158 c
1250 3073 1373 3157 terris
1403 3070 1618 3180 discessit,
1654 3071 1810 3156 relictae
1839 3071 1975 3158 adbuc

232 3234 494 3338 supererant,
528 3273 589 3288 -·-
625 3224 712 3331 bis,
749 3226 937 3338 inquam,
984 3227 1135 3341 emptis
1172 3227 1434 3332 thesaurum,
1478 3222 1597 3335 cujus
1631 3224 1808 3338 pariter,
1853 3236 1975 3339 atqve

236 3374 473 3459 Citemnitzii
489 3374 748 3489 pluriumque
770 3376 941 3461 aliarum
962 3378 1269 3485 collectionum,
1287 3376 1497 3488 jacturam
1517 3374 1677 3460 factura
1702 3374 1837 3490 patria
1862 3376 1976 3461 vide·

231 3530 367 3634 batur,
395 3557 448 3610 ex
468 3525 550 3611 boc
570 3528 756 3640 periculo
787 3539 975 3643 ereptum
1003 3529 1195 3614 servavit
1257 3527 1401 3636 Quum
1430 3530 1676 3641 Princeps
1708 3525 1977 3636 celsissimos,

233 3688 280 3762 ut
307 3677 490 3762 historiae
525 3679 721 3762 naturalis
759 3677 943 3764 studium
978 3679 1088 3795 apud
1115 3710 1194 3763 nos
1221 3679 1341 3763 laetos
1361 3677 1459 3762 indc
1481 3677 1640 3762 fructus
1670 3690 1857 3792 caperet,
1886 3692 1978 3766 toto

233 3841 404 3944 pectore
446 3839 680 3942 exoptaret:
726 3830 1043 3945 spondylozois,
1088 3861 1179 3944 qvae
1216 3830 1476 3936 continebat,
1511 3845 1657 3913 museo
1693 3858 1832 3913 rerum
1862 3842 1978 3916 natu·

235 3981 381 4064 ralium
424 3979 586 4094 llcgio,
629 3992 718 4065 tum
762 3984 900 4097 ipsum
945 3982 1080 4067 denuo
1117 3983 1331 4089 restituto,
1372 3978 1556 4087 traditis,
1601 3991 1759 4087 cetera,
1804 4011 1981 4094 quorum

237 4133 372 4245 major
413 4162 511 4246 pars
550 4132 863 4245 conchyliorum
899 4145 1008 4242 erat,
1054 4134 1094 4216 ei
1131 4135 1224 4218 usui
1260 4133 1464 4217 destinata
1504 4141 1622 4237 sunt,
1666 4141 1712 4214 ut
1757 4162 1980 4247 corporum

236 4283 558 4398 petrefactorum
595 4282 778 4367 studium
813 4283 1092 4398 ingredientes
1127 4284 1368 4398 adjuvarent
1403 4294 1445 4367 et
1481 4281 1701 4393 conjuncta
1738 4311 1834 4366 cum
1864 4313 1980 4397 egre·

239 4435 307 4548 gia
341 4435 448 4519 serie
486 4434 693 4518 fossilium
728 4463 947 4551 rerumque
985 4437 1368 4550 geognosticm,
1405 4463 1506 4547 qvas
1541 4462 1733 4516 muscum
1774 4437 1982 4549 Principis

243 4585 400 4671 abac
460 4585 863 4700 comprehendebat,
921 4588 1139 4702 geologico
1195 4585 1337 4672 studio
1394 4584 1504 4701 apud
1561 4613 1641 4669 nos
1701 4595 1790 4668 tum
1846 4587 1982 4701 ipsum

240 4741 419 4822 excitato
462 4738 677 4822 materiem
717 4742 971 4852 praeberent,
1017 4770 1069 4824 eo
1112 4739 1457 4846 fructuosiorem,
1499 4734 1615 4849 qvod
1656 4735 1812 4860 aditus,
1857 4768 1984 4851 quum

83 4939 87 4948 ι
240 4886 295 4971 ad
331 4899 490 4972 ceteras
525 4886 731 5001 ejusmodi
775 4889 962 5004 publicas
1008 4875 1274 4977 collectiones
1310 4890 1564 4975 llafnienses
1595 4918 1646 4974 eo
1675 4900 1864 5003 tempore
1892 4901 1983 4975 tan·

239 5049 330 5123 tum
358 5067 442 5123 non
472 5037 718 5124 interclusus
747 5052 879 5150 esset,
909 5070 1071 5127 summa
1099 5073 1196 5129 cum
1230 5043 1480 5128 humanitate
1510 5051 1552 5126 ct
1581 5039 1823 5126 liberalitate
1854 5042 1985 5127 cuivis

241 5188 470 5276 litterarum
500 5188 689 5275 studioso
718 5190 951 5306 patefactus
980 5204 1057 5277 cst

446 5337 655 5427 Collectio
692 5343 1024 5456 conchyliorum,
1062 5374 1152 5458 qvae
1159 5404 1174 5454 ,
1212 5356 1259 5430 ut
1295 5344 1349 5430 ad
1383 5344 1486 5430 illud
1524 5345 1740 5432 consilium
1776 5356 1888 5430 esset
1918 5373 1985 5429 ac·

245 5489 527 5599 commodata,
558 5492 650 5576 aliis
679 5491 866 5606 pluribus
896 5496 1046 5611 emptis
1076 5505 1196 5581 aucta
1225 5506 1310 5604 est,
1347 5498 1529 5611 primum
1557 5503 1610 5584 ab
1639 5496 1761 5609 hujus
1798 5495 1986 5611 opusculi
