4458 6242
211 484 374 582 autore,
426 474 492 557 cui
537 471 747 584 Principis
793 467 1012 554 celsissimi
1055 466 1188 578 gratia
1233 491 1294 548 eac
1337 472 1478 577 partes
1525 461 1789 547 demandatae
1821 473 1953 568 erant,

210 656 248 710 a.
282 623 413 710 1825
442 620 671 708 secundum
707 618 911 704 rationem
947 616 1085 731 operis
1121 614 1326 730 disposita
1362 624 1543 698 cattum
1572 643 1757 728 nupera
1785 612 1958 698 Lamar·

212 777 321 863 elsio
338 775 461 883 editi,
492 771 603 888 qvod
633 771 852 879 „Histoire
884 767 959 852 des
988 768 1182 852 animaux
1212 797 1309 850 sans
1338 767 1576 850 vertebres’'
1612 764 1879 877 inscriptum,
1917 775 1960 848 et

213 958 265 1012 eo
299 938 488 1041 tempore
526 934 568 1008 et
602 952 712 1007 nune
742 923 786 1006 in
814 920 964 1005 litteris
994 917 1337 1031 conchyliologiae
1366 927 1549 1029 systema
1584 916 1959 1031 complectentibus

212 1079 487 1192 principatum
519 1085 646 1159 tenet.

416 1231 616 1339 Princeps
664 1225 936 1328 Celsissimus‚
982 1221 1050 1333 qvi
1095 1220 1250 1303 eximio
1295 1218 1367 1302 illo
1413 1217 1573 1325 studio,
1625 1165 1737 1330 qvod
1778 1217 1821 1300 in
1866 1217 1959 1332 ipso

215 1380 389 1487 eminet,
418 1379 652 1462 universam
682 1379 725 1460 in
753 1376 833 1461 hac
864 1372 1109 1461 collectione
1140 1369 1369 1458 ordinanda
1398 1380 1440 1453 et
1462 1367 1750 1454 constituenda
1770 1369 1961 1454 laborum

214 1532 419 1615 rationem
448 1533 787 1641 subsequeretur,
817 1523 916 1638 qvid
945 1524 989 1606 in
1017 1521 1253 1606 Lamarclrii
1283 1552 1410 1637 opere
1438 1521 1716 1635 inperfectum
1744 1531 1787 1604 ct
1814 1551 1962 1635 parum

217 1683 359 1768 critice
389 1691 609 1765 tractatum
639 1687 771 1784 essct,
807 1676 929 1759 facilc
965 1675 1201 1789 perspexit3
1244 1704 1370 1787 qvare
1406 1705 1534 1786 quum
1571 1674 1762 1794 Principii
1800 1672 1959 1757 Celsos.

216 1836 332 1952 ipsos
367 1829 736 1943 conchyliologicac
773 1827 956 1912 scientiae
993 1827 1131 1912 fontes
1167 1825 1392 1940 placuisset
1429 1823 1566 1931 adire,
1611 1853 1696 1907 non
1738 1832 1964 1936 potucrrmt

216 1986 407 2098 ingentes
451 1981 685 2095 specierum
728 1977 1056 2062 deliniendarum
1099 1976 1366 2062 confusiones
1411 1981 1463 2062 ab
1508 1976 1609 2089 Ipso
1653 2005 1739 2058 non
1780 1975 1964 2089 perspici

217 2137 353 2250 Eique
387 2141 702 2248 persuaserunt,
738 2131 818 2217 uisi
854 2159 963 2218 nova
991 2130 1035 2217 iu
1064 2159 1114 2215 cu
1143 2141 1260 2242 parte
1290 2158 1419 2243 opera
1448 2127 1649 2213 collocem
1684 2135 1816 2233 esset,
1852 2125 1964 2210 haud

219 2317 319 2377 senc
353 2279 558 2398 qcclogiae
594 2283 639 2366 id
674 2281 859 2397 praesidii
888 2293 931 2364 et
960 2279 1219 2364 fundamenti
1247 2280 1372 2364 solidi
1401 2278 1774 2394 conchylioloqiam
1802 2280 1964 2393 praesti-

219 2449 354 2522 turam
385 2466 503 2546 esse,
532 2433 647 2556 qvod
673 2465 761 2548 prae
790 2432 941 2519 ceteris
970 2431 1173 2546 zoologiae
1202 2433 1387 2546 partibus
1416 2434 1603 2545 praebere
1639 2459 1766 2544 posse
1803 2428 1964 2514 videre·

220 2600 310 2696 tur,
341 2598 383 2674 ct
412 2617 494 2699 qvo
526 2586 693 2700 egregia
723 2584 791 2671 illa
822 2583 1012 2668 doctrina
1040 2594 1257 2696 tantopere
1286 2582 1486 2697 indigere.

423 2737 569 2847 Quum
595 2736 730 2823 adhuc
750 2735 908 2821 llainia
936 2763 1078 2818 earum
1104 2734 1411 2842 collectionum,
1440 2735 1587 2848 quibus
1608 2733 1801 2846 proximo
1823 2733 1965 2817 seculo

221 2891 311 2978 haec
347 2893 447 2978 urbs
483 2887 823 3002 conchyliologiae
858 2887 1069 2976 litterariae
1106 2884 1228 2971 sedes
1256 2865 1473 3000 praecipua
1502 2885 1612 2968 iactu
1641 2895 1727 2992 cst,
1764 2884 1967 2996 majorem
2049 2949 2052 2966 .
2222 2920 2223 2944 ¹

221 3052 384 3158 partem
427 3039 684 3154 possideret,
728 3051 796 3146 ut,
839 3039 879 3123 si
913 3069 1009 3124 cum
1044 3037 1309 3145 collectione,
1354 3036 1409 3121 ad
1449 3045 1700 3150 praesentcm
1738 3036 1967 3122 litterarum

224 3191 506 3284 conditionem
540 3202 662 3304 atqve
698 3190 903 3304 geologias
939 3200 982 3274 et
1015 3189 1217 3302 zoologiae
1253 3189 1458 3275 rationem
1492 3186 1826 3296 accommodata,
1867 3217 1967 3274 ecn-

216 3343 374 3457 junctae
404 3354 559 3452 essent,
589 3373 661 3430 cas
690 3372 834 3428 rursus
862 3341 1047 3430 historiae
1076 3341 1375 3427 molluscorum
1404 3339 1540 3424 denuo
1570 3339 1870 3454 pertractandas
1889 3370 1967 3454 pro

225 3494 504 3584 fundamentis
540 3493 655 3600 iore,
689 3491 942 3607 sperandum
976 3493 1202 3580 videreturs
1244 3496 1444 3606 Princeps
1483 3491 1640 3578 Celsiss.
1677 3490 1969 3578 collectionem

226 3645 538 3760 conchyliorum
572 3646 616 3732 iu
651 3674 797 3732 museo
834 3674 911 3732 suc
947 3644 1105 3730 institui
1141 3655 1333 3758 coeptam
1368 3642 1422 3728 ad
1458 3642 1571 3728 illam
1604 3643 1808 3727 rationem
1837 3644 1969 3727 contl-

225 3797 345 3884 nuari
378 3795 520 3882 voluit
588 3793 722 3908 Cujus
757 3794 1022 3886 absolvendae
1058 3806 1232 3882 conatus
1266 3797 1376 3882 hunc
1415 3795 1577 3880 exitum
1605 3791 1696 3906 jam
1723 3795 1969 3902 habuerunt,

226 3959 295 4062 ut,
339 3959 492 4063 praeter
520 3947 702 4056 fossilis,
740 3949 974 4060 specierum
1002 3947 1180 4061 amplius
1212 3943 1365 4052 7000,
1394 3957 1437 4030 et
1466 3944 1606 4030 multis
1634 3945 1822 4058 partibus
1849 3945 1970 4060 plura

227 4099 439 4189 individua
467 4097 786 4205 molluscorum,
815 4129 907 4211 (Ινω
935 4098 1131 4212 praesenti
1161 4127 1251 4182 aero
1280 4101 1444 4204 vivunt,
1474 4106 1753 4182 numerentur.

431 4249 575 4358 Quum
610 4279 861 4362 unaquaeque
896 4249 1113 4356 collectio,
1157 4247 1278 4361 cujus
1314 4248 1459 4360 uliquis
1496 4277 1596 4332 usus
1640 4246 1803 4330 fuimus
1844 4257 1972 4354 essct,

230 4413 324 4489 ante
354 4402 492 4488 emnia
519 4413 634 4490 recte
662 4400 952 4492 constituentia
987 4411 1030 4486 et
1066 4401 1144 4486 rite
1181 4397 1494 4488 determinanda
1524 4409 1655 4506 esset,
1690 4427 1797 4512 opus
1833 4409 1973 4484 autern

228 4551 466 4644 temactati
498 4583 645 4666 parum
680 4552 910 4660 sufficeret,
946 4552 1158 4664 mrrltoque
1193 4551 1330 4639 minua
1367 4550 1447 4636 alia
1480 4579 1608 4663 opera
1641 4550 1762 4634 latins
1791 4549 1974 4663 patentia

192 4702 285 4806 ‚erl
319 4734 410 4795 rem
444 4702 752 4791 accommodari
788 4713 983 4816 possent,
1026 4733 1079 4786 eo
1116 4733 1183 4786 me
1219 4700 1392 4788 deduxit
1419 4701 1550 4786 officii
1585 4701 1713 4808 ratio,
1742 4711 1789 4783 ut
1817 4701 1973 4808 omnia,

231 4884 322 4970 qvae
356 4853 409 4942 cd
442 4855 606 4972 specics
633 4865 824 4948 accurate
857 4851 1113 4940 definiendas
1146 4855 1421 4966 pertinerent,
1455 4851 1649 4966 praesidia
1684 4852 1974 4965 circumspice·

231 5033 333 5096 rem.
407 5003 514 5120 Quas
548 5002 642 5118 jam
674 5035 785 5094 cuno
826 5001 957 5096 1825
998 5003 1297 5092 molluscorum
1340 5003 1525 5092 cranium
1564 5002 1799 5117 specierum
1840 5001 1975 5086 adhuc

231 5154 538 5270 propositarum
565 5157 730 5271 incepta
760 5166 848 5241 erat
876 5155 1124 5268 recognitio,
1154 5185 1204 5240 eu
1232 5153 1400 5262 deinde,
1431 5184 1559 5268 quum
1586 5152 1631 5238 in
1649 5156 1860 5268 Prirrcipis
1886 5154 1974 5239 col·

232 5306 411 5399 lectione
433 5305 526 5422 jam
554 5303 688 5398 5000
716 5317 1045 5415 numerarentur,
1073 5307 1284 5414 omilim,
1313 5335 1406 5420 qrc
1435 5303 1491 5392 ad
1518 5304 1817 5392 molluscorum
1845 5305 1975 5388 histo·

233 5456 339 5552 uam
372 5457 600 5552 maruan
640 5459 914 5574 pertinerent,
957 5458 1157 5573 operibus
1201 5455 1337 5548 denuo
1381 5455 1662 5572 perlustratis,
1705 5455 1852 5542 iter-ma
1893 5464 1975 5563 cst,
