4458 6242
232 489 354 590 atqve
384 484 481 590 poet
508 474 670 568 linitum
699 474 808 560 bunc
838 471 1026 564 laborem
1062 471 1275 587 catalogus
1310 473 1437 562 otiam
1473 470 1733 562 collectionis
1768 475 1977 590 Principia

233 629 288 721 ud
317 627 419 720 artie
447 656 638 718 amanam
667 625 897 718 coniectus.
958 623 1067 734 Qasr
1096 635 1268 740 propter
1297 635 1489 712 autorum
1523 625 1796 741 inperfectam
1827 631 1977 714 obscu-

233 809 403 894 ramque
432 757 695 867 describendi
725 789 769 864 et
797 777 1032 870 dellncoudi
1060 777 1265 865 rationem
1294 777 1502 891 ejusmodi
1521 778 1709 866 laborem
1729 781 1978 867 obeuntibus

233 933 391 1016 incerta
420 940 463 1014 et
491 930 616 1014 dubia
646 961 864 1017 occurrere
894 931 1046 1038 solem,
1074 960 1222 1020 uorum
1245 929 1375 1018 multa
1395 931 1631 1046 corrigendi
1651 933 1819 1018 occasio
1837 944 1978 1047 poste·

233 1084 320 1175 rins
350 1083 452 1173 nihi
481 1081 620 1171 oblata
650 1092 735 1189 est,
765 1113 894 1194 quum
922 1111 1021 1170 vcra
1049 1082 1324 1196 exemplaria,
1359 1113 1452 1196 qvae
1481 1084 1525 1168 in
1553 1084 1907 1198 praestantissimis
1936 1094 1980 1168 et

234 1234 411 1348 publicis
449 1243 491 1318 et
525 1234 696 1348 privatis
734 1234 1048 1326 collectionibus
1083 1233 1315 1349 peregrinis
1350 1236 1689 1344 continebanbrr,
1725 1237 1816 1351 ipse
1847 1236 1979 1323 oculis

236 1386 341 1476 meis
369 1384 581 1476 vidissem.

437 1533 656 1650 Opusculo
702 1547 860 1643 autem,
905 1537 1023 1651 quale
1059 1537 1141 1626 boc
1177 1549 1262 1646 est,
1298 1588 1359 1604 —
1392 1537 1506 1653 qvod
1542 1539 1654 1624 aliud
1697 1540 1819 1626 latius
1863 1540 1982 1654 quasi

236 1685 464 1794 antecedit,
495 1688 532 1770 si
562 1686 753 1771 valetudo
784 1699 826 1772 et
855 1689 987 1774 otium
1016 1699 1252 1803 suppetent,
1283 1721 1382 1773 mox
1403 1689 1681 1805 proditurum,
1700 1743 1761 1760 —
1780 1691 1982 1776 momenti

237 1849 307 1922 aut
335 1840 457 1952 pretii
485 1838 579 1953 plus
608 1839 873 1923 tribuendum
902 1869 1018 1946 esse,
1055 1869 1177 1952 vam
1206 1840 1331 1954 vulgo
1362 1843 1501 1956 operis
1531 1843 1761 1928 subsecivis
1796 1843 1980 1957 assigne-

236 2001 325 2097 tur,
369 2021 576 2104 nunquam
611 1991 653 2073 in
692 1992 872 2074 animum
909 2021 1047 2075 meum
1093 1990 1258 2100 induxi,
1304 2021 1356 2076 eo
1398 2003 1539 2077 tamen
1582 1993 1767 2102 edendo,
1810 2004 1981 2107 praeter·

237 2171 360 2255 qvam
404 2139 517 2254 qvod
558 2141 767 2255 pluribus,
813 2172 988 2256 qaorum
1024 2173 1092 2227 mc
1132 2142 1324 2228 voluutas
1363 2143 1485 2228 valde
1520 2155 1776 2252 commovet,
1820 2174 1983 2230 morem

238 2322 433 2405 gessero,
462 2322 630 2407 sperare
660 2322 823 2406 qvoqve
853 2293 1003 2401 audeo,
1034 2323 1162 2406 quum
1191 2306 1375 2407 systema
1401 2325 1549 2380 omnes
1568 2296 1866 2381 mnlluscorum
1886 2327 1981 2411 spe·

239 2445 324 2528 cies
353 2445 567 2557 bucusque
604 2445 792 2558 cognitas
830 2446 1113 2559 complectens
1151 2444 1285 2530 adbuc
1322 2445 1602 2554 desideretm,
1637 2459 1751 2532 recte
1786 2447 1852 2532 bis
1882 2477 1981 2533 con·

239 2596 393 2679 stitutio
434 2625 483 2680 ac
520 2594 796 2680 denominatis
837 2595 993 2710 aliqvid
1028 2626 1096 2681 me
1130 2596 1315 2710 praesidii
1356 2598 1597 2705 allaturum,
1640 2599 1679 2683 si
1720 2599 1791 2712 qvi
1833 2599 1982 2685 mollu-

240 2777 408 2831 scornm
428 2747 590 2860 species
619 2748 784 2860 penitus
815 2778 1070 2862 cognoscere
1099 2749 1282 2862 cupiant,
1311 2760 1500 2863 tempore
1529 2759 1669 2833 antem
1698 2761 1740 2834 et
1769 2749 1983 2864 adjumen-

239 2899 293 2982 tis
331 2897 625 3007 destitnautnr3
670 2909 761 2982 tnm
789 2899 863 3007 iis,
898 2901 967 3012 qvi
996 2900 1040 2983 in
1068 2900 1220 2984 talibus
1250 2900 1563 2984 collectionibus
1591 2899 1786 3014 parandis
1815 2931 1983 2987 versan-

239 3060 328 3157 tnr,
372 3048 427 3133 ad
471 3080 540 3157 ea,
585 3079 677 3162 qvae
717 3051 966 3158 invenerint,
1011 3079 1108 3134 cnm
1144 3051 1236 3135 aliis
1276 3050 1619 3136 commmricauda
1655 3052 1986 3138 commodiorem

239 3201 350 3285 viam
385 3210 644 3315 aperturum,
687 3201 740 3286 iis
776 3201 953 3316 deniqne
990 3203 1118 3316 ipsis,
1154 3203 1224 3315 qvi
1259 3202 1657 3316 concbyliolofficam
1691 3213 1824 3290 artem
1856 3208 1984 3319 proii-

240 3363 400 3461 tentur,
431 3353 686 3466 aliquatenus
714 3353 1003 3466 profuturnm,
1031 3365 1079 3438 ut
1107 3363 1150 3437 et
1177 3355 1357 3468 tempori
1386 3363 1430 3438 et
1458 3384 1597 3468 operae
1616 3383 1788 3468 parcere
1808 3357 1984 3470 possint.

443 3502 699 3619 Optareram
734 3515 874 3588 autem
908 3505 977 3590 bic
1005 3505 1193 3619 pluribus
1223 3505 1361 3588 verbis
1397 3505 1639 3619 explanare,
1678 3535 1803 3620 qum
1833 3535 1986 3619 genera

243 3656 443 3763 familias,
474 3655 642 3740 ordines
673 3665 716 3739 et
751 3655 908 3740 classes
945 3655 1194 3771 disponendi
1235 3654 1500 3764 methodum,
1542 3666 1586 3740 et
1622 3686 1724 3769 qvas
1753 3656 1797 3741 in
1826 3661 1985 3772 specie·

241 3811 321 3892 bns
357 3806 647 3921 comparandis
684 3816 728 3890 et
762 3807 1064 3892 constituendis
1092 3807 1276 3890 rationes
1305 3818 1473 3892 secutus
1503 3837 1663 3916 essem,
1692 3806 1770 3892 sed
1799 3837 1985 3895 commo·

244 3957 406 4042 diorem
433 3958 576 4043 locum
597 3989 647 4042 ea
667 3969 923 4073 exspectant.
983 3957 1230 4072 vulgarem,
1253 3987 1483 4073 qvanqvam
1502 3958 1671 4066 invitus,
1700 3989 1862 4044 morem
1890 3992 1986 4046 sum

243 4120 434 4218 secutus,
478 4108 533 4193 ad
561 4111 781 4194 varietates
811 4109 999 4194 reterens
1043 4138 1113 4218 ea,
1158 4141 1250 4224 qvae
1284 4141 1310 4194 a
1352 4110 1547 4224 primaria
1587 4112 1821 4225 specierum
1850 4110 1987 4198 forma

243 4260 460 4368 differunt,
490 4291 618 4374 quum
646 4261 878 4375 praesertim
898 4262 1049 4346 borum
1079 4261 1317 4346 animalium
1346 4259 1452 4346 adeo
1490 4261 1763 4375 inperfectam
1797 4263 1988 4348 notitiam
2112 4365 2120 4375 ι

243 4414 484 4519 babeamus,
528 4423 575 4495 nt
604 4411 657 4494 ad
687 4442 782 4520 eas,
824 4443 915 4526 qvae
945 4442 999 4497 ex
1029 4414 1161 4496 aetatis
1190 4424 1261 4496 ant
1290 4442 1418 4498 sexus
1447 4413 1742 4497 mutationibus
1771 4441 1857 4499 non
1886 4443 1986 4500 exo·

243 4565 421 4671 riantur,
456 4563 687 4648 formarum
720 4565 941 4648 varietates
978 4573 1073 4678 apte
1103 4563 1394 4678 significandas
1429 4593 1578 4677 parma
1606 4563 1797 4648 sufficiat.
1859 4566 1988 4675 Qvod

244 4717 287 4798 in
331 4716 567 4800 nominibus
604 4712 905 4799 constituendis
940 4715 1123 4799 strictius
1166 4716 1206 4799 ei
1247 4715 1399 4800 rationi
1442 4712 1709 4822 adhaeserim,
1751 4727 1799 4800 ut
1842 4745 1988 4802 eornm

245 4867 527 4978 antiquissima
555 4895 727 4980 qvasqve
757 4866 882 4950 etiam
910 4864 1172 4979 praeferenda
1198 4876 1411 4980 putarem,
1440 4895 1542 4949 num
1570 4865 1793 4980 vituperari
1820 4866 1989 4976 debeat,

243 5016 367 5102 valde
405 5015 570 5125 dubito,
613 5046 747 5130 neqve
780 5046 904 5124 vero,
941 5018 1014 5102 ubi
1042 5020 1095 5100 ab
1125 5017 1198 5102 illo
1227 5017 1446 5130 proposito
1474 5015 1652 5124 recessi,
1681 5015 1762 5100 nisi
1791 5019 1989 5131 graviori·

244 5171 325 5252 bns
355 5168 492 5252 causis
522 5178 692 5252 coactus
721 5166 766 5252 id
796 5168 948 5253 fecisse
976 5169 1172 5282 reperiar.
1230 5167 1479 5282 Ubicunqve
1508 5179 1648 5254 autem
1675 5167 1841 5281 generis
1862 5166 1990 5254 deno·

246 5319 416 5404 minatio
444 5319 654 5434 posterius
683 5328 840 5404 mutata
866 5330 951 5429 est,
981 5318 1074 5433 ejus
1100 5330 1241 5405 nmen
1268 5349 1442 5429 nomen,
1473 5320 1542 5434 qvi
1571 5319 1733 5434 speeies
1762 5319 1990 5428 constitnit,

247 5501 390 5557 earnm
411 5472 568 5556 nomini
591 5501 759 5585 semper
776 5469 1014 5586 adpositum
1036 5483 1116 5581 est,
1144 5471 1403 5586 parenthesis
1423 5472 1544 5585 signo
1573 5467 1792 5556 inclusum.
1852 5468 1990 5583 Syno-
